@string{JMCE    = {Journal of Materials in Civil Engineering}}

%% Examples for articles:

@article{Alberty:1999,
  author       = {Alberty, Jochen and Carstensen, Carsten and Funken, Stefan A.},
  title        = {Remarks around 50 lines of Matlab: short finite element 
implementation},
  journaltitle = {Numerical Algorithms},
  date         = 1999,
  volume       = {20},
  pages        = {117--137},
  doi          = {10.1023/A:1019155918070},
}


@article{Mang-Schranz-Helnwein:06,
  author       = {Mang, Herbert A. and Schranz, {\relax Ch}ristian and 
                  Mackenzie-Helnwein, Peter},
  title        = {Conversion from Imperfection-Sensitive into Imperfection-Insensitive Elastic Structures I: Theory},
  journaltitle = {Computer Methods in Applied Mechanics and Engineering},
  date         = 2006,
  volume       = {195 (13--16)},
  pages        = {1422--1457},
  doi          = {10.1016/j.cma.2005.05.024},
}


@article{Weller:10,
  author       = {Weller, Bernhard and Döbbel, Florian 
                  and Nicklisch, Felix and Prautzsch, Volker
                  and Rücker, Sebastian},
  title        = {Geklebte Ganzglaskonstruktion für das Leibnis-Institut 
  für Festkörper- und Werkstoffforschung in Dresden},
  journaltitle = {Stahlbau},
  date         = 2010,
  volume       = {79 (3)},
  pages        = {34--40},
  doi          = {10.1002/stab.201001300},
}


%% Examples for publications in books

@InCollection{Jodl-Makovec-Schranz:15,
  author       = {Jodl, Hans Georg and Makovec, Andreas and 
                  Schranz, {\relax Ch}ristian},
  editor       = {Oberndorfer, Wolfgang and Haring, Roland},
  title        = {Lebenszykluskosten},
  date         = 2015,
  booktitle    = {Organisation und Kostencontrolling von Bauprojekten},
  publisher    = {Manzsche Verlags- und Universitätsbuchhandlung},
  location     = {Wien},
  isbn         = {978-3-214-13092-3},
  pages        = {315--370},
}


@InCollection{Blandini-Sobek:14,
  author       = {Blandini, Lucio and Sobek, Werner},
  editor       = {Weller, Bernhard and Tasche, Silke},
  title        = {10 Jahre Stuttgarter Glasschale -- eine Zwischenbilanz},
  date         = 2014,
  booktitle    = {Glasbau 2014},
  publisher    = {Ernst \& Sohn GmbH \& Co. KG},
  location     = {Berlin},
  pages        = {77--86},
  doi          = {10.1002/stab.201490076},
}





%% Example for Conference Proceeding

@inproceedings{Willaret:11a,
  author       = {Willaret, Philippe and Meyer, Daniel},
  title        = {A new folding glass roof for the historic swimming hall 
  Zürich},
  date         = 2011,
  booktitleaddon= {Proceedings Glass Performance Days 2011},
  eventdate    = {2011-06-17/2011-06-20},
  location     = {Tampere, Finland},
  pages        = {622--624},
}

% or via InCollection:

@InCollection{Blandini:08,
  author       = {Blandini, Lucio},
  editor       = {Bos and Louter and Veer},
  title        = {Structural use of adhesives in glass shells},
  date         = 2014,
  booktitle    = {Challenging Glass. Conference on Architectural and Structural Applications of Glass},
  publisher    = {IOS Press},
  location     = {Amsterdam},
  pages        = {185-191},
}


%% Examples for Master- or PhD-thesis

@MastersThesis{Fischer:21, 
  author       = {Fischer, Simon}, 
  title        = {Analyse der Prozesse und Zusammenarbeit bei Umsetzung der openBIM-Methode in der Baupraxis auf Basis eines Pilotprojekts}, 
  school       = {TU Wien}, 
  location     = {Wien},
  year         = {2021}, 
  type         = {Diplomarbeit}, 
  doi          = {10.34726/hss.2021.88782},
}


@phdthesis{Bagger:10diss,
  author       = {Bagger, Anne},
  title        = {Plate shell structures of glass. Studies leading to guidelines for structural design},
  year         = {2010},
  school       = {Technical University of Denmark},
  location     = {Kgs. Lyngby},
  type         = {Dissertation}, 
}


@phdthesis{Pech:22,
  author       = {Pech, Sebastian},
  title        = {Numerical models to describe fracture and plasticity in wood and their application to optimize laminated timber products},
  year         = {2022},
  school       = {TU Wien},
  location     = {Wien},
  type         = {Dissertation}, 
  doi          = {10.34726/hss.2022.103620},
}


%% Examples for reports

@report{Bahr:10,
  author       = {Bahr, Carolin and Lennerts, Kunibert},
  title        = {Lebens- und Nutzungsdauer von Bauteilen},
  type         = {resreport},
  institution  = {Bundesinstitut für Bau-, Stadt- und Raumforschung},
  date         = 2010,
  pagetotal    = {133},
}


%%  Examples for books

@book{Schranz:22,
  author       = {Schranz, Christian and Reismüller, Raphael and Pech, Sebastian},
  title        = {\LaTeX{}, Excel, Word -- Werkzeuge für den ingenieurwissenschaftlichen Hochschul-Einsatz},
  date         = 2022,
  edition      = {4., korrigierte und erweiterte Auflage},
  publisher    = {TU Verlag},
  isbn         = {978-3-903311-35-0},
  location     = {Wien},
}

@book{Backhaus:11,
  author       = {Backhaus, Klaus and Erichson, Bernd and Plinke, Wulff
                  and Weiber, Rolf},
  title        = {Multivariate Analysemethoden},
  date         = 2015,
  edition      = {14},
  publisher    = {Springer Gabler},
  isbn         = {978-3-662-46075-7},
  location     = {Berlin Heidelberg},
}

@book{Kohm:20,
  author       = {Kohm, Markus},
  title        = {KOMA-Script -- Eine Sammlung von Klassen und Paketen für \LaTeXe{}},
  date         = 2020,
  edition      = {7., überarbeitete und erweiterte Auflage},
  publisher    = {DANTE -- Lehmanns Media GmbH},
  isbn         = {978-3-96543-097-6},
  location     = {Berlin},
}

@book{Schneider:11,
  author       = {Schneider, Wolf},
  title        = {Deutsch für junge Profis: Wie man gut und lebendig schreibt},
  date         = 2011,
  publisher    = {Rowohlt},
  location     = {Berlin},
}

@book{Voss:22,
  author       = {Voß, Herbert},
  title        = {Einführung in \LaTeX{} -- unter Berücksichtigung von pdf/LaTeX{}, Xe/LaTeX{}, Lua\LaTeX{}},
  date         = 2022,
  edition      = {4., korrigierte Auflage},
  publisher    = {Lehmanns Media GmbH},
  isbn         = {978-3-96543-296-3},
  location     = {Berlin},
}



%% Examples for weblinks

@online{Bier:09,
  author   = {Bier, Christoph},  
  title    = {typokurz -- Einige wichtige typografische Regeln; Version 1.7, 21.05.2009},
  date     = 2015,
  url      = {http://zvisionwelt.files.wordpress.com/2012/01/typokurz.pdf},
  urldate  = {2015-10-09},
}

@online{Kohm:15,
  author   = {Kohm, Markus},  
  title    = {KOMA-Script -- ein wandelbares \LaTeXe{}-Paket},
  date     = 2015,
  url      = {https://www.ctan.org/pkg/koma-script/},
  urldate  = {2015-10-09},
}

@online{NachhaltigesBauen:13,
  author   = {\relax{BM für Verkehr, Bau und Stadtentwicklung (BRD)}},  
  title    = {Informationsportal Nachhaltiges Bauen},
  date     = 2013,
  url      = {http://www.nachhaltigesbauen.de},
  urldate  = {2013-04-02},
  label    = {Bundesministerium für Verkehr, Bau und Stadtentwicklung (BRD)},
}

@online{Struckmann:07,
  author   = {Struckmann, Werner},  
  title    = {Einige typographische Grundregeln und ihre Umsetzung in \LaTeX{}; Stand 3.09.2007},
  date     = 2015,
  url      = {http://www2.informatik.hu-berlin.de/sv/lehre/typographie.pdf},
  urldate  = {2015-10-09},
}


%% Examples for Codes (Normen)

@misc{ON-EN-1991-1-1:2011,
  typ      = {Norm},
  number   = {ÖNORM EN 1991-1-1:20110901},
  title    = {ÖNORM~EN~1991-1-1:2011~09~01: Einwirkungen auf Tragwerke -- Teil 1-1: Allgemeine Einwirkungen -- Wichten, Eigengewicht und Nutzlasten im Hochbau (konsolidierte Fassung)},
  year     = {2011},
  month    = {09},
  location = {Wien: Austrian Standards},
  keywords = {norm},
  language = {Deutsch},
}


@misc{ON-B-4435-1:2003,
  typ      = {Norm},
  number   = {ÖNORM B 4435-1:2003 07 01},
  title    = {ÖNORM~B~4435-1:2003~07~01: Erd- und Grundbau -- Flächengründungen -- Teil 1: Berechnung der Tragfähigkeit bei einfachen Verhältnissen},
  year     = {2003},
  month    = {07},
  location = {Wien: Austrian Standards},
  keywords = {norm},
  language = {Deutsch},
}

@misc{DIN-ISO-690:2013,
  typ      = {Norm},
  number   = {DIN ISO 690:201310},
  title    = {DIN~ISO~690:2013~10: Information und Dokumentation -- Richtlinien für Titelangaben und Zitierungen von Informationsressourcen (ISO 690:2010)},
  year     = {2013},
  month    = {10},
  location = {Berlin: DIN Deutsches Institut für Normung e. V.},
  keywords = {norm},
  language = {Deutsch},
}

